<?xml version="1.0" encoding="UTF-8"?><collection xmlns="http://www.loc.gov/MARC21/slim"><record><leader>00396nam--2200109-i-4500</leader><controlfield tag="001">000005254</controlfield><controlfield tag="002">20161230</controlfield><controlfield tag="005">20161230201026</controlfield><controlfield tag="008">060222s1000------------r-----000-0-eng-d</controlfield><datafield ind1=" " ind2=" " tag="245"><subfield code="a">Atomphysik in versuchen. ein  metodischer leit faden fur den unterricht. herausgegeben von di pl. math. heinz schroder. mit. 174 abildungen</subfield></datafield><datafield ind1=" " ind2=" " tag="260"><subfield code="a">Braunschweig, Friedr. Vieweg &amp; Sohn, 1959. Ix+ 239 P</subfield></datafield><datafield ind1=" " ind2=" " tag="852"><subfield code="a">15853</subfield></datafield></record></collection>